h64817
s 00009/00000/00017
d D 1.2 89/02/23 23:51:54 mckusick 2 1
c comments from John Quarterman
e
s 00017/00000/00000
d D 1.1 89/02/18 18:54:36 mckusick 1 0
c date and time created 89/02/18 18:54:36 by mckusick
e
u
U
t
T
I 1
%A M. K. McKusick
%A J. M. Bloom
%A M. J. Karels
%T Bug Fixes and Changes in 4.3BSD
%B \s-1UNIX\s0 System Manager's Manual, 4.3 Berkeley Software Distribution, Virtual VAX-11 Version
%I \s-1USENIX\s0 Association
%C Berkeley, CA
%P 12:1\-22
%D 1986

%A M. J. Karels
%T Changes to the Kernel in 4.3BSD
%B \s-1UNIX\s0 System Manager's Manual, 4.3 Berkeley Software Distribution, Virtual VAX-11 Version
%I \s-1USENIX\s0 Association
%C Berkeley, CA
%P 13:1\-32
%D 1986
I 2

%A S. J. Leffler
%A M. K. McKusick
%A M. J. Karels
%A J. S. Quarterman
%T The Design and Implementation of the 4.3BSD UNIX Operating System
%I Addison-Wesley
%C Reading, MA
%D 1989
E 2
E 1
